@ARTICLE{1054142, 
author={C. Chow and C. Liu}, 
journal={IEEE Transactions on Information Theory}, 
title={Approximating discrete probability distributions with dependence trees}, 
year={1968}, 
volume={14}, 
number={3}, 
pages={462-467}, 
keywords={Approximation methods;Probability functions;Trees;Distribution functions;Information systems;Learning systems;Maximum likelihood estimation;Probability distribution;Random variables}, 
doi={10.1109/TIT.1968.1054142}, 
ISSN={0018-9448}, 
month={May},}
@Inbook{Zheng2010,
author="Zheng, Fei
and Webb, Geoffrey I.",
editor="Sammut, Claude
and Webb, Geoffrey I.",
chapter="Tree Augmented Naive Bayes",
title="Encyclopedia of Machine Learning",
year="2010",
publisher="Springer US",
address="Boston, MA",
pages="990--991",
isbn="978-0-387-30164-8",
doi="10.1007/978-0-387-30164-8_850",
url="http://dx.doi.org/10.1007/978-0-387-30164-8_850"
}@inproceedings{kohavi1996scaling,
  title={Scaling Up the Accuracy of Naive-Bayes Classifiers: A Decision-Tree Hybrid.},
  author={Kohavi, Ron},
  booktitle={KDD},
  volume={96},
  pages={202--207},
  year={1996},
  organization={Citeseer}
}
@inproceedings{jiang2005learning,
  title={Learning tree augmented naive bayes for ranking},
  author={Jiang, Liangxiao and Zhang, Harry and Cai, Zhihua and Su, Jiang},
  booktitle={Database Systems for Advanced Applications},
  pages={688--698},
  year={2005},
  organization={Springer}
}
@article{jiang2012improving,
  title={Improving Tree augmented Naive Bayes for class probability estimation},
  author={Jiang, Liangxiao and Cai, Zhihua and Wang, Dianhong and Zhang, Harry},
  journal={Knowledge-Based Systems},
  volume={26},
  pages={239--245},
  year={2012},
  publisher={Elsevier}
}
@article{friedman1997bayesian,
  title={Bayesian network classifiers},
  author={Friedman, Nir and Geiger, Dan and Goldszmidt, Moises},
  journal={Machine learning},
  volume={29},
  number={2-3},
  pages={131--163},
  year={1997},
  publisher={Springer}
}
