@ARTICLE{1054142, 
author={C. Chow and C. Liu}, 
journal={IEEE Transactions on Information Theory}, 
title={Approximating discrete probability distributions with dependence trees}, 
year={1968}, 
volume={14}, 
number={3}, 
pages={462-467}, 
keywords={Approximation methods;Probability functions;Trees;Distribution functions;Information systems;Learning systems;Maximum likelihood estimation;Probability distribution;Random variables}, 
doi={10.1109/TIT.1968.1054142}, 
ISSN={0018-9448}, 
month={May},}